@online{loria,
  title = "LORIA 2016",
  url = "http://www.loria.fr/fr/",
}

@online{coast,
  title = "Présentation - COAST - Inria",
  url = "https://www.inria.fr/equipes/coast",
}

@online{mute,
  author = "COAST team",
  title = "mute",
  url = "https://github.com/coast-team/mute",
}

@online{inria,
  title = "Inria - Inventeurs du monde numérique",
  url = "https://www.inria.fr",
}

@online{ecscw,
  title = "The 15th European Conference on Compute-Supported Cooperative Work, Sheffield (UK) August 28 - September 01 2017",
  url = "https://ecscw2017.org.uk/",
}

@online{tour,
  title = "Angular - Tutorial: Tour of Heroes",
  url = "https://angular.io/tutorial"
}

@online{angular,
  title = "Angular",
  url = "https://angular.io"
}

@online{rxjs,
  title = "RxJS",
  url = "https://github.com/Reactive-Extensions/RxJS"
}

@online{codemirror,
  title = "CodeMirror",
  url = "https://codemirror.net/"
}

@online{npm,
  title = "npm",
  url = "https://www.npmjs.com/"
}

@online{bullet,
  title = "Bujoter en français - Jamais sans mon carner",
  url = "http://bulletjournal.fr/"
}

@online{slack,
  title = "Slack: Where work happens",
  url = "https://slack.com/"
}

@online{markdown,
  title = "Markdown - Wikipédia",
  url = "https://fr.wikipedia.org/wiki/Markdown"
}

@online{dom,
  title = "Document Object Model - Wikipédia",
  url = "https://fr.wikipedia.org/wiki/Document_Object_Model"
}

@online{hypermd,
  author = "laobubu",
  title = "laobubu/HyperMD: WYSIWYG Markdown Editor for browsers. Breaks the Wall between writing and preview",
  url = "https://github.com/laobubu/HyperMD"
}

@online{demo,
  author = "laobubu",
  title = "HyperMD Playground",
  url = "https://demo.laobubu.net/"
}

@online{mathjax,
  title = "MathJax",
  url = "https://www.mathjax.org/"
}

@online{tabs,
  title = "Angular Material - Tabs",
  url = "https://material.angular.io/components/tabs/overview"
}

@online{mdcheat,
  title = "Markdown Cheatsheet - adam-p/markdown-here Wiki",
  url = "https://github.com/adam-p/markdown-here/wiki/Markdown-Cheatsheet"
}